../rdv-paper-reviews/paper-reviews.bib