@FOOTNOTE{Note1,key="Note1",note="This question, in fact, prompted the development of this entire document."}
@FOOTNOTE{Note2,key="Note2",note="See \protect \url  {https://en.wikipedia.org/wiki/Primality_test}."}
@FOOTNOTE{Note3,key="Note3",note="See \protect \url  {https://en.wikipedia.org/wiki/Random_number_generator_attack}."}
@FOOTNOTE{Note4,key="Note4",note="On recent Intel processors the instructions \protect \textsc  {aesdec}, \protect \textsc  {aesdeclast}, \protect \textsc  {aesenc}, \protect \textsc  {aesenclast}, \protect \textsc  {aesimc}, and \protect \textsc  {aeskeygenassist} are custom-created for AES, and \protect \textsc  {pclmulqdq} is a more generic instruction for block-oriented encryption."}
@FOOTNOTE{Note5,key="Note5",note="\protect \url  {https://en.wikipedia.org/wiki/Confusion_and_diffusion}"}
@FOOTNOTE{Note6,key="Note6",note="\protect \url  {https://sweet32.info/}."}
@FOOTNOTE{Note7,key="Note7",note="\protect \url  {https://danielmiessler.com/study/birthday_attack/}"}
@FOOTNOTE{Note8,key="Note8",note="\protect \url  {http://mathworld.wolfram.com/BirthdayAttack.html}"}
@FOOTNOTE{Note9,key="Note9",note="\protect \url  {https://trac.ietf.org/trac/sec/wiki}."}
@FOOTNOTE{Note10,key="Note10",note="\protect \url  {https://en.wikipedia.org/wiki/IPsec}."}
@FOOTNOTE{Note11,key="Note11",note="\protect \url  {https://mailarchive.ietf.org/arch/msg/ipsec/_dSgUvW6WiUFvw5aoyu7rJo5Kgc}."}
@FOOTNOTE{Note12,key="Note12",note="\protect \url  {https://mailarchive.ietf.org/arch/msg/ipsec/T1woQuwh1Ccoz6fWWFDBETBllaY}."}
@FOOTNOTE{Note13,key="Note13",note="\protect \url  {https://mailarchive.ietf.org/arch/msg/ipsec/De46HNR1h4lGXZnxlIVpNSfs5p0}."}
@FOOTNOTE{Note14,key="Note14",note="\protect \url  {https://bugzilla.mozilla.org/show_bug.cgi?id=1268745}."}
@FOOTNOTE{Note15,key="Note15",note="\protect \url  {http://rosettacode.org/wiki/Entropy}"}
@CONTROL{REVTEX41Control}
@CONTROL{aip41Control,pages="1",title="0"}
